<?xml version="1.0" encoding="UTF-8"?><record xmlns="http://www.loc.gov/MARC21/slim" xmlns:cinclude="http://apache.org/cocoon/include/1.0" xmlns:zs="http://www.loc.gov/zing/srw/">
  <leader>00573cz  a2200145n  4500</leader>
  <controlfield tag="001">n  87807080 </controlfield>
  <controlfield tag="003">DLC</controlfield>
  <controlfield tag="005">20130430074805.0</controlfield>
  <controlfield tag="008">870206n| azannaab|          |n aaa      </controlfield>
  <datafield tag="010" ind1=" " ind2=" ">
    <subfield code="a">n  87807080 </subfield>
  </datafield>
  <datafield tag="040" ind1=" " ind2=" ">
    <subfield code="a">DLC</subfield>
    <subfield code="b">eng</subfield>
    <subfield code="e">rda</subfield>
    <subfield code="c">DLC</subfield>
    <subfield code="d">DLC</subfield>
  </datafield>
  <datafield tag="100" ind1="1" ind2=" ">
    <subfield code="a">Debussy, Claude,</subfield>
    <subfield code="d">1862-1918.</subfield>
    <subfield code="t">Preludes,</subfield>
    <subfield code="m">piano,</subfield>
    <subfield code="n">book 2</subfield>
  </datafield>
  <datafield tag="667" ind1=" " ind2=" ">
    <subfield code="a">The two books of Preludes are considered separate works and employ uniform titles as follows: [Preludes, piano, book 1] [Preludes, piano, book 2]</subfield>
  </datafield>
  <datafield tag="670" ind1=" " ind2=" ">
    <subfield code="a">Debussy, C. Extraits des Pre휍혖ludes [SR] 1980?</subfield>
  </datafield>
  <datafield tag="670" ind1=" " ind2=" ">
    <subfield code="a">New Grove</subfield>
    <subfield code="b">(Pre휍혖ludes, bk 2 (1912-1913))</subfield>
  </datafield>
</record>